@BOOK{stats2008st,
	title = Web Dynamics Introduction,
	publisher = {https://www.mpi-inf.mpg.de/departments/d5/teaching/ss09/dyn/slides/dyn-kap1.pdf},
	author = {Max Planck Insitute Informatik},
	year = {2008},
	edition = {1},
}

@ARTICLE{arasu2001searching,
  title={Searching the web},
  author={Arasu, Arvind and Cho, Junghoo and Garcia-Molina, Hector and Paepcke, Andreas and Raghavan, Sriram},
  journal={ACM Transactions on Internet Technology (TOIT)},
  volume={1},
  number={1},
  pages={2--43},
  year={2001},
  publisher={ACM}
}